
@book{thissen,
  title={Test Scoring},
  author={Thissen, David and Wainer, Howard},
  publisher={Lawrence Erlbaum Associates Publishers},
  year={2001}
}

