@article{zuo2019standing,
  title={Standing on the shoulders of giants?—Faculty hiring in information schools},
  author={Zuo, Zhiya and Zhao, Kang and Ni, Chaoqun},
  journal={Journal of Informetrics},
  volume={13},
  number={1},
  pages={341--353},
  year={2019},
  publisher={Elsevier}
}

@article{fennell2018predicting,
  title={Predicting and Explaining Behavioral Data with Structured Feature Space Decomposition},
  author={Fennell, Peter G and Zuo, Zhiya and Lerman, Kristina},
  journal={arXiv preprint arXiv:1810.09841},
  year={2018}
}

@article{zuo2017state,
  title={The state and evolution of US iSchools: From talent acquisitions to research outcome},
  author={Zuo, Zhiya and Zhao, Kang and Eichmann, David},
  journal={Journal of the Association for Information Science and Technology},
  volume={68},
  number={5},
  pages={1266--1277},
  year={2017},
  publisher={Wiley Online Library}
}

@article{zuo2018more,
  author={Zuo, Zhiya and Zhao, Kang},
  doi={10.1016/J.JOI.2018.06.006},
  issn={1751-1577},
  journal={Journal of Informetrics},
  number={3},
  pages={736--756},
  publisher={Elsevier},
  title={{The more multidisciplinary the better? – The prevalence and interdisciplinarity of research collaborations in multidisciplinary institutions}},
  volume={12},
  year={2018}
}

@inproceedings{ijcnn_paper, title={Interpretable Variational Autoencoders for Cognitive Models}, booktitle={2019 International Joint Conference on Neural Networks (IJCNN)}, author={Curi, M. and Converse, G. and Hajewski, J. and Oliveira, S.}, year={2019}}

@inproceedings{aied_paper, title={Autoencoders for Educational Assessment}, booktitle={International Conference on Artificial Intelligence in Education (AIED)}, author={Converse, G. and Curi, M. and Oliveira, S.}, year={2019}
}

@inproceedings{fsdm_paper,
  author    = {Geoffrey Converse and
               Brooke Arnold and
               Mariana Curi and
               Suely Oliveira},
  editor    = {Antonio J. Tall{\'{o}}n{-}Ballesteros},
  title     = {Variational Autoencoders for Baseball Player Evaluation},
  booktitle = {Fuzzy Systems and Data Mining {V} - Proceedings of {FSDM} 2019, Kitakyushu
               City, Japan, October 18-21, 2019},
  series    = {Frontiers in Artificial Intelligence and Applications},
  volume    = {320},
  pages     = {305--311},
  publisher = {{IOS} Press},
  year      = {2019},
  doi       = {10.3233/FAIA190194}
}

@article{ml_paper,
	author={Geoffrey Converse and Mariana Curi and Suely Oliveira and Jonathan Templin},
	journal={Machine Learning},
	publisher={Springer},
	year={Under review 2020},
	title={Estimation of Multidimensional Item Response Theory Models with Correlated Latent Variables using Variational Autoencoders}
}

@book{Bartholomew1999,
title={The Analysis and Interpretation of Multivariate Data for Social Scientists},
publisher={Chapman \& Hall/CRC}, author={Bartholomew, D. J. and Steel, F. and Moustaki, I. and Galbraith, J. I.}, year={2002}
}

@book{birnbaum2008, place={Charlotte, NC}, title={Statistical theories of mental test scores}, publisher={Information Age Publishing}, author={Lord, Frederic M. and Novick, Melvin R. and Birnbaum, Allan}, year={2008}
}

@article{Feng2014,
title={Parameter estimation of the reduced RUM using the EM algorithm},
author={Feng, Y. and Habing, B. T. and Huebner, A.},
journal={Applied Psychological Measurement},
year={2014}, 
pages={137-150},
volume={38}
}

@article{Templin2014,
title={Hierarchical diagnostic classification models: A family of models for estimating and testing attribute hierarchies},
author={Templin, J. and Bradshaw, L.},
journal={Psychometrika},
year={2014}, 
pages={317-339},
volume={79}
}
 
@article{Templin2013,
title={Obtaining diagnostic classification model estimates using Mplus},
author={Templin, J. and Hoffman, L.},
journal={Educational Measurement: Issues and Practice},
year={2013}, 
pages={37-50},
volume={32}
}

@article{Blyth1972,
author = { Colin R.   Blyth },
title = {On Simpson's Paradox and the Sure-Thing Principle},
journal = {Journal of the American Statistical Association},
volume = {67},
number = {338},
pages = {364-366},
year  = {1972},
publisher = {Taylor \& Francis},
}

@article{daSilva2018,
title={Incorporating the Q-Matrix into Multidimensional Item Response Theory Models},
author={da Silva, M.A. and Liu, R. and Huggins-Manley, A.C. and Bazan, J.L.},
journal={Educational and Psychological
Measurement},
year={2018}
}

@article{dempster1977, title={Maximum Likelihood from Incomplete Data Via the EM Algorithm}, volume={39}, DOI={10.1111/j.2517-6161.1977.tb01600.x}, number={1}, journal={Journal of the Royal Statistical Society: Series B (Methodological)}, author={Dempster, A. P. and Laird, N. M. and Rubin, D. B.}, year={1977}, pages={1–22}
}

@article{deonovic2018, title={Learning meets assessment}, volume={45}, DOI={10.1007/s41237-018-0070-z}, number={2}, journal={Behaviormetrika}, author={Deonovic, Benjamin and Yudelson, Michael and Bolsinova, Maria and Attali, Meirav and Maris, Gunter}, year={2018}, pages={457–474}
}

@article{fu2009, title={Bayesian estimation in the multidimensional three-parameter logistic model}, volume={79}, DOI={10.1080/00949650801966876}, number={6}, journal={Journal of Statistical Computation and Simulation}, author={Fu, Zhi-Hui and Tao, Jian and Shi, Ning-Zhong}, year={2009}, pages={819–835}
}

@inproceedings{guo2017, title={A Neural Network Approach to Estimate Student Skill Mastery in Cognitive Diagnostic Assessments}, booktitle={10th International Conference on Educational Data Mining}, author={Guo, Q. and Cutumisu, M. and Cui, Y.}, year={2017}
}

@article{hong2014, title={Efficient Models for Cognitive Diagnosis With Continuous and Mixed-Type Latent Variables}, volume={39}, DOI={10.1177/0146621614524981}, number={1}, journal={Applied Psychological Measurement}, author={Hong, Hyokyoung and Wang, Chun and Lim, Youn Seon and Douglas, Jeff}, year={2014}, pages={31–43}
}

@inproceedings{kingma2014, title={Auto-encoding Variational {Bayes}}, booktitle={International Conference on Learning Representations}, author={Kingma, D. and Welling, M.}, year={2014}
}

@article{mckinley1980, title={The use of the general {Rasch} model with multidimensional item response data}, journal={American College Testing}, author={McKinley, R. and Reckase, M.}, year={1980}
}

@incollection{reckase2009multidimensional,
  title={Multidimensional item response theory models},
  author={Reckase, Mark D.},
  booktitle={Multidimensional item response theory},
  pages={79--112},
  year={2009},
  publisher={Springer}
}

@article{christoffersson1975factor,
  title={Factor analysis of dichotomized variables},
  author={Christoffersson, Anders},
  journal={Psychometrika},
  volume={40},
  number={1},
  pages={5--32},
  year={1975},
  publisher={Springer}
}

@article{fraser1988noharm,
  title={NOHARM: Least squares item factor analysis},
  author={Fraser, C. and McDonald, R.},
  journal={Multivariate behavioral research},
  volume={23},
  number={2},
  pages={267--269},
  year={1988},
  publisher={Taylor \& Francis}
}


@book{morrison2005, place={Australia}, title={Multivariate statistical methods}, publisher={Thomson}, author={Morrison, Donald F.}, year={2005}
}

@article{patz1999, title={A Straightforward Approach to Markov Chain Monte Carlo Methods for Item Response Models}, volume={24}, DOI={10.2307/1165199}, number={2}, journal={Journal of Educational and Behavioral Statistics}, author={Patz, Richard J. and Junker, Brian W.}, year={1999}, pages={146}
}

@article{rasch1960, title={Probabilistic Models for Some Intelligence and Attainment Tests}, journal={Danish Institute for Educational Research}, author={Rasch, G.}, year={1960}
}

@inbook{reckase1997, title={A Linear Logistic Multidimensional Model for Dichotomous Item Response Data}, booktitle={Handbook of Modern Item Response Theory}, publisher={Springer}, author={Reckase, M. D. and van der Linden , W. J. and Hambleton , R. K.}, year={1997}, pages={271–286}
}

@article{kullback1951, title={On information and sufficiency}, journal={Annals of Mathematical Statistics}, author={Kullback, S. and Leibler, R. A.}, year={1951}, pages={79–86}
}

@inproceedings{baker2010,
author = {Baker, Ryan},
year = {2010},
month = {January},
title = {Data Mining for Education},
booktitle = {International Encyclopedia of Education 3rd Edition}
}

@article{tatsuoka1983,
author = {Tatsuoka, Kikumi K.},
title = {RULE SPACE: AN APPROACH FOR DEALING WITH MISCONCEPTIONS BASED ON ITEM RESPONSE THEORY},
journal = {Journal of Educational Measurement},
volume = {20},
number = {4},
pages = {345-354},
doi = {10.1111/j.1745-3984.1983.tb00212.x},
url = {https://onlinelibrary.wiley.com/doi/abs/10.1111/j.1745-3984.1983.tb00212.x},
year = {1983}
}

@Article{Rupp2011,
author={A.A. Rupp and J.L. Templin and R.A. Henson},
title="Diagnostic Measurement: Theory, Methods, and Applications.",
journal="Psychometrika",
year="2010",
month="Oct",
volume="76",
number="4",
pages="715--716",
issn="1860-0980",
doi="10.1007/s11336-011-9228-2",
url="https://doi.org/10.1007/s11336-011-9228-2"
}

@inproceedings{xue_2018, title={Non-Model based Attribute Pro le Estimation with Partial Q-Matrix Information for Cognitive Diagnosis using Articial Neural Network}, booktitle={Proceedings of the 11th International Conference on Educational Data Mining}, author={Xue, K.}, year={2018}
}

@article{bock1988, title={Full-Information Item Factor Analysis}, volume={12}, DOI={10.1177/014662168801200305}, number={3}, journal={Applied Psychological Measurement}, author={Bock, R. and Gibbons, Robert and Muraki, Eiji}, year={1988}, pages={261–280}
}

@article{beguin2001, title={MCMC estimation and some model-fit analysis of multidimensional IRT models}, volume={66}, DOI={10.1007/bf02296195}, number={4}, journal={Psychometrika}, author={Béguin, A. A. and Glas, C. A. W.}, year={2001}, pages={541–561}
}

@article{cai2009, title={High-dimensional Exploratory Item Factor Analysis by A {Metropolis–Hastings} {Robbins–Monro} Algorithm}, volume={75}, DOI={10.1007/s11336-009-9136-x}, number={1}, journal={Psychometrika}, author={Cai, Li}, year={2009}, pages={33–57}
}

@article{templin2013, title={Obtaining Diagnostic Classification Model Estimates Using Mplus}, volume={32}, DOI={10.1111/emip.12010}, number={2}, journal={Educational Measurement: Issues and Practice}, author={Templin, Jonathan and Hoffman, Lesa}, year={2013}, pages={37–50}
}

@article{Mazanec2015,
title={Homogeneity versus heterogeneity of cultural values: An item-response theoretical approach applying Hofstede's cultural dimensions in a single nation},
author={Mazanec, J.A. and Crotts, J.C. and Gursoy, D. and Lu, L.},
journal={Tourism Management},
year={2015},
pages={299-304}
}


@article{Fragoso2013,
title={Improving psychometric assessment of the Beck Depression Inventory using multidimensional item response theory},
author={Fragoso, T.M. and Curi, M.},
journal={Biometrical Journal},
year={2013},
pages={527-540}
}

@article{Reise2007,
author={Reise, S.P.
and Morizot, J.
and Hays, R.D.},
title={The role of the bifactor model in resolving dimensionality issues in health outcomes measures},
journal={Quality of Life Research},
year={2007},
volume={16},
number={1},
pages={19-31}
}

@article{buck1998, title={Application of the rule-space procedure to language testing: examining attributes of a free response listening test}, volume={15}, DOI={10.1177/026553229801500201}, number={2}, journal={Language Testing}, author={Buck, Gary and Tatsuoka, Kikumi}, year={1998}, pages={119–157}
}

@inproceedings{henson2007, title={Large-scale language assessment using cognitive diagnosis models}, booktitle={Annual meeting of the National Council for Measurement in Education}, author={Henson, R. and Templin, J.}, year={2007}
}

@article{Blei2017, title={Variational Inference: A Review for Statisticians}, volume={112}, number={518}, journal={Journal of the American Statistical Association}, Author={Blei, D.M. and Kucukelbir, A. and McAuliffe, J.D.}, year={2017}, pages={859-877}
}

@book{atkinson, title={An Introduction to Numerical Analysis},
author={Kendall Atkinson},
year={1989},
publisher={John Wiley and Sons}
}

@article{plaut2018,
title={From Principal Subspaces to Principal Components with Linear Autoencoders},
author={Plaut, Elad},
journal={arXiv:1804.10253v2},
year={2018}
}

@article{mirt,
title = {{mirt}: A Multidimensional Item Response Theory Package
  for the {R} Environment},
author = {R. Philip Chalmers},
journal = {Journal of Statistical Software},
year = {2012},
volume = {48},
number = {6},
pages = {1--29},
doi = {10.18637/jss.v048.i06}
}

@book{neural_net,
title={Neural Networks and Deep Learning},
author={Michael A. Nielsen},
publisher={Determination Press},
year={2015}
}

@book{baker_kim2004, place={United States}, title={Item Response Theory Parameter Estimation Techniques}, edition={2nd}, publisher={Taylor \& Francis Group}, author={Baker, F. and Kim, S.}, year={2004}
}

@incollection{birnbaum1968,
title={Some Latent Trait Models and Their Use in Inferring an Examinee's Ability},
author={Allan Birnbaum},
year={1968},
booktitle={Statistical Theories of Mental Test Scores},
editor={F. Lord and M. Novick},
pages={395-479}
}

@book{lord1968,
  title={Statistical theories of mental test scores},
  author={Lord, F. and Novick, M. R},
  year={1968},
  publisher={IAP}
}

@article{bock1981,
  title={Marginal maximum likelihood estimation of item parameters: Application of an {EM} algorithm},
  author={Bock, R. D. and Aitkin, M.},
  journal={Psychometrika},
  volume={46},
  number={4},
  pages={443--459},
  year={1981},
  publisher={Springer}
}

@misc{tensorflow,
title={{TensorFlow}: Large-Scale Machine Learning on Heterogeneous Systems},
url={http://tensorflow.org/},
note={Software available from tensorflow.org},
author={
    Mart\'{\i}n~Abadi and
    Ashish~Agarwal and
    Paul~Barham and
    Eugene~Brevdo and
    Zhifeng~Chen and
    Craig~Citro and
    Greg~S.~Corrado and
    Andy~Davis and
    Jeffrey~Dean and
    Matthieu~Devin and
    Sanjay~Ghemawat and
    Ian~Goodfellow and
    Andrew~Harp and
    Geoffrey~Irving and
    Michael~Isard and
    Yangqing Jia and
    Rafal~Jozefowicz and
    Lukasz~Kaiser and
    Manjunath~Kudlur and
    Josh~Levenberg and
    Dan~Man\'{e} and
    Rajat~Monga and
    Sherry~Moore and
    Derek~Murray and
    Chris~Olah and
    Mike~Schuster and
    Jonathon~Shlens and
    Benoit~Steiner and
    Ilya~Sutskever and
    Kunal~Talwar and
    Paul~Tucker and
    Vincent~Vanhoucke and
    Vijay~Vasudevan and
    Fernanda~Vi\'{e}gas and
    Oriol~Vinyals and
    Pete~Warden and
    Martin~Wattenberg and
    Martin~Wicke and
    Yuan~Yu and
    Xiaoqiang~Zheng},
  year={2015},
}

@techreport{ets2005,
title = {Identifiability of Parameters in Item Response Models with Unconstrained Ability Distributions},
number={RR-05-24},
author = {Shelby J. Haberman},
institution = {Research and Development, ETS},
year = {2005},
month={December},
}

@article{vae_img, title={What The Heck Are {VAE-GANs}?}, url={https://towardsdatascience.com/what-the-heck-are-vae-gans-17b86023588a},
journal={Towards Data Science}, publisher={Towards Data Science}, author={Kan, Chi Nok}, year={2018}, month={Dec}
}

@book{thissen,
  title={Test Scoring},
  author={Thissen, David and Wainer, Howard},
  publisher={Lawrence Erlbaum Associates Publishers},
  year={2001}
}

@inproceedings{zhang2018interpretable,
    title={Interpretable convolutional neural networks},
    author={Zhang, Quanshi and Nian Wu, Ying and Zhu, Song-Chun},
    booktitle={Proceedings of the IEEE Conference on Computer Vision and Pattern Recognition},
    pages={8827--8836},
    year={2018}
}

@inproceedings{rafique2020,
  title={Transparency Promotion with Model-Agnostic Linear Competitors},
  author={Rafique, Hassan and Wang, Tong and Lin, Quihang and Arshia Sighani},
  booktitle={Proceedings of the International Conference on Machine Learning},
  year={2020}
}

@misc{doersch2016,
      title={Tutorial on Variational Autoencoders}, 
      author={Carl Doersch},
      year={2016},
      eprint={arXiv:1606.05908},
      archivePrefix={arXiv},
      primaryClass={stat.ML}
}

@Manual{ml2pvae_software,
	title = {\pkg{ML2Pvae}: Construct, Train, and Evaluate ML2P-VAE Models for Parameter Estimation in Item Response Theory},
	author = {Geoffrey Converse},
	year = {2020},
	note = {\proglang{R} package version 0.1.0},
	url = {https://github.com/converseg/ML2Pvae}
}

@Manual{,
    title = {\proglang{R}: A Language and Environment for Statistical Computing},
    author = {{\proglang{R} Core Team}},
    organization = {\proglang{R} Foundation for Statistical Computing},
    address = {Vienna, Austria},
    year = {2019},
    url = {https://www.R-project.org/},
  }

@Manual{tensorflow_r,
    title = {\pkg{tensorflow}: \proglang{R} Interface to \pkg{TensorFlow}},
    author = {JJ Allaire and Yuan Tang},
    year = {2020},
    note = {\proglang{R} package version 2.2.0},
    url = {https://CRAN.R-project.org/package=tensorflow},
  }

@Manual{keras_r,
    title = {\pkg{keras}: \proglang{R} Interface to \pkg{Keras}},
    author = {JJ Allaire and François Chollet},
    year = {2020},
    note = {\proglang{R} package version 2.3.0.0.9000},
    url = {https://keras.rstudio.com},
  }

@Manual{tfprobability_r,
    title = {\pkg{tfprobability}: Interface to \pkg{TensorFlow Probability}},
    author = {Sigrid Keydana},
    year = {2020},
    note = {\proglang{R} package version 0.11.0.0},
    url = {https://CRAN.R-project.org/package=tfprobability},
  }

@inproceedings{vincent2008,
    author = {Vincent, Pascal and Larochelle, Hugo and Bengio, Yoshua and Manzagol, Pierre-Antoine},
     title = {Extracting and Composing Robust Features with Denoising Autoencoders},
      year = {2008},
     pages = {1096--1103},
	booktitle = {International Conference on Machine Learning}
}


